@book{picardbook,
 author = {Picard, Rosalind W.},
 title = {Affective Computing},
 year = {1997},
 isbn = {0-262-16170-2},
 publisher = {MIT Press},
 address = {Cambridge, MA, USA},
} 